<?xml version="1.0" encoding="UTF-8"?><collection xmlns="http://www.loc.gov/MARC21/slim"><record><leader>00379nam--2200133-i-4500</leader><controlfield tag="001">000022708</controlfield><controlfield tag="002">20161230</controlfield><controlfield tag="005">20161230201034</controlfield><controlfield tag="008">060222s1000------------r-----000-0-eng-d</controlfield><datafield ind1=" " ind2=" " tag="080"><subfield code="a">621.373.43</subfield></datafield><datafield ind1=" " ind2=" " tag="100"><subfield code="a">Eubank, Joseph Broocke</subfield></datafield><datafield ind1=" " ind2=" " tag="245"><subfield code="a">Synchronization of an idealized relaxation oscillation</subfield></datafield><datafield ind1=" " ind2=" " tag="260"><subfield code="a">Ann Arbor, Michigan, University Microfilms, 1964. 114p</subfield></datafield><datafield ind1=" " ind2=" " tag="852"><subfield code="a">28013</subfield></datafield></record></collection>